<?xml version="1.0" encoding="UTF-8"?><collection xmlns="http://www.loc.gov/MARC21/slim"><record><leader>00554nam--2200169-i-4500</leader><controlfield tag="001">000025819</controlfield><controlfield tag="002">20161230</controlfield><controlfield tag="005">20161230201036</controlfield><controlfield tag="008">060222s1000------------r-----000-0-eng-d</controlfield><datafield ind1=" " ind2=" " tag="040"><subfield code="a">IFIN-HH</subfield></datafield><datafield ind1=" " ind2=" " tag="080"><subfield code="a">539.141(061.3)</subfield></datafield><datafield ind1="1" ind2=" " tag="100"><subfield code="a">Gross, Franz</subfield></datafield><datafield ind1="1" ind2="0" tag="245"><subfield code="a">Few body xiv. 14th international iupap conference on few body problems in physics, may 26-31, 1994</subfield><subfield code="b">Contributed papers</subfield><subfield code="c">FRANZ GROSS (Ed.)</subfield></datafield><datafield ind1=" " ind2=" " tag="260"><subfield code="a">Williamsburg</subfield><subfield code="b">The College Of William And Mary</subfield><subfield code="c">1994</subfield></datafield><datafield ind1=" " ind2=" " tag="300"><subfield code="a">955P. + INDEX</subfield></datafield><datafield ind1=" " ind2=" " tag="852"><subfield code="a">80138</subfield><subfield code="c">539.141</subfield></datafield><datafield ind1=" " ind2=" " tag="CAT"><subfield code="a">Sys</subfield><subfield code="c">20110110</subfield><subfield code="h">131245</subfield></datafield></record></collection>